
@article{Ref_Name,
  title={Article Title},
  author={Articel Author},
  journal={Journal Title},
  year={2009},
  publisher={Publisher Name}
}
